@techreport{reverse-dynamic,
  title={Simulation-based joint estimation of body deformation and elasticity parameters},
  author={Lee, Huai-Ping and Foskey, Mark and Niethammer, Marc and Lin, Ming C},
  year={2009},
  institution={Tech. Rep. TR09-014, University of North Carolina-Chapel Hill}
}

@inproceedings{deformable-models,
  title={Physically based deformable models in computer graphics},
  author={Nealen, Andrew and M{\"u}ller, Matthias and Keiser, Richard and Boxerman, Eddy and Carlson, Mark},
  booktitle={Computer Graphics Forum},
  volume={25},
  number={4},
  pages={809--836},
  year={2006},
  organization={Wiley Online Library}
}

@article{cuts,
  title={Physicallybased simulation of cuts in deformable bodies: A survey},
  author={Wu, Jun and Westermann, R{\"u}diger and Dick, Christian},
  journal={Eurograph. State-of-the-Art Report},
  volume={2},
  year={2014}
}

@inproceedings{sofa,
  title={Sofa-an open source framework for medical simulation},
  author={Allard, J{\'e}r{\'e}mie and Cotin, St{\'e}phane and Faure, Fran{\c{c}}ois and Bensoussan, Pierre-Jean and Poyer, Fran{\c{c}}ois and Duriez, Christian and Delingette, Herv{\'e} and Grisoni, Laurent},
  booktitle={MMVR 15-Medicine Meets Virtual Reality},
  volume={125},
  pages={13--18},
  year={2007},
  organization={IOP Press}
}

@article{continuum-mechanics,
  title={M{\'e}canique du solide et des mat{\'e}riaux Elasticit{\'e}-Plasticit{\'e}-Rupture},
  author={Charmet, Jean-Claude},
  journal={ESPCI-Laboratoire dâ€™Hydrodynamique et M{\'e}canique Physique},
  year={2005}
}

